@article{Witek2020,
    title={Green purchase behavior: The effectiveness of sociodemographic variables for explaining green purchases in emerging market.},
    author={Witek, L., & Kuźniar, W.},
    journal={Sustainability},
    volume={13},
    number={1},
    year={2020},
    doi={10.3390/su13010209}
}


@article{RaviVyas2023,
  title={Consumer Psychology towards Environmental Sustainability & Community Welfare in Indian FMCG Secto},
  author={Ravi Vyas, Chaudhary Saket Kumar, Shaifali Garg, Priyanka Sikarwar, Arif Hasan, Sandeep Raghuwanshi},
  journal={Journal for ReAttach Therapy and Developmental Diversities},
  volume={6},
  number={9s(2)},
  pages={169–181},
  year={2023}, month={Aug.}
}


@inproceedings{polshin1957,
  title={Maximum allowable non-uniform settlement of structures},
  author={Polshin, Do Eo and Tokar, RA},
  booktitle={Proc., 4th Int. Conf. on Soil Mechanics and Foundation Engineering},
  volume={1},
  pages={402--405},
  year={1957},
  organization={Butterworth’s London}
}

@book{smith2006,
  title={Foundations of materials science and engineering},
  author={Smith, WF and Hashemi, J},
  year={2006},
  publisher={Mcgraw-Hill Publishing}
}

@book{beven2018,
  title={Environmental modelling: an uncertain future?},
  author={Beven, Keith},
  year={2018},
  publisher={CRC press}
}

@article{pianosi2016,
  title={Sensitivity analysis of environmental models: A systematic review with practical workflow},
  author={Pianosi, Francesca and Beven, Keith and Freer, Jim and Hall, Jim W and Rougier, Jonathan and Stephenson, David B and Wagener, Thorsten},
  journal={Environmental Modelling \& Software},
  volume={79},
  pages={214--232},
  year={2016},
  publisher={Elsevier}
}